<collection xmlns="http://www.loc.gov/MARC21/slim">
<record>
  <leader>00465nam0a22001331i 450 </leader>
  <controlfield tag="001">IT\ICCU\CNCE\065696</controlfield>
  <controlfield tag="005">20060904000000.0</controlfield>
  <datafield tag="100" ind1=" " ind2=" ">
    <subfield code="a">20060727d1557        0itac0103    ba</subfield>
  </datafield>
  <datafield tag="101" ind1=" " ind2=" ">
    <subfield code="a">LAT</subfield>
  </datafield>
  <datafield tag="102" ind1=" " ind2=" ">
    <subfield code="a">FR</subfield>
  </datafield>
  <datafield tag="200" ind1="1" ind2=" ">
    <subfield code="a">D. Ludovici Pontani Romani, eminentissimi et acutissimi V.I. interpretis laureati, profundaeque memoriae viri, Lectura aurea Super Prima \Secunda! Parte Digesti Novi</subfield>
  </datafield>
  <datafield tag="210" ind1=" " ind2=" ">
    <subfield code="a">Lione</subfield>
    <subfield code="d">1557</subfield>
  </datafield>
  <datafield tag="300" ind1=" " ind2=" ">
    <subfield code="a">ANNULLATA  !!! straniera</subfield>
  </datafield>
  <datafield tag="801" ind1=" " ind2="3">
    <subfield code="a">IT</subfield>
    <subfield code="b">ICCU</subfield>
    <subfield code="c">20201115</subfield>
  </datafield>
</record>
</collection>
